---
---
@article{vvvmmrwcom,
title = {Commitment in the canonical sovereign default model},
journal = {Journal of International Economics},
note = {Journal of International Economics},
volume = {157},
pages = {104120},
year = {2025},
url = {https://www.sciencedirect.com/science/article/pii/S0022199625000765},
author = {Xavier Mateos-Planas and Sean McCrary and José-Víctor Ríos-Rull and Adrien Wicht},
pdf = {publications/1-s2.0-S0022199625000765-main.pdf},
preview = {1-s2.0-S0022199625000765-main.png},
bibtex_show={true},
selected = {true},
type = {publication}
}

@article{wichtSeniority2023,
  title = {Seniority and Sovereign Default: The Role of Official Multilateral Lenders},
  author = {Wicht, Adrien},
  journal = {Journal of International Economics},
  note = {Journal of International Economics},
  volume = {155},
  year = {2025},
  selected = {true},
  url = {https://www.sciencedirect.com/science/article/pii/S0022199625000546?via\%3Dihub},
  preview = {1-s2.0-S0022199625000546-main.png},
  bibtex_show={true},
  type = {publication},
  pdf = {publications/1-s2.0-S0022199625000546-main.pdf}
}

@article{liuMakingSovereignDebt2023,
  title = {Making Sovereign Debt Safe with a Financial Stability Fund},
  author = {Liu, Yan and Marimon, Ramon and Wicht, Adrien},
  journal = {Journal of International Economics},
  note = {Journal of International Economics},
  volume = {145},
  year = {2023},
  url = {https://www.sciencedirect.com/science/article/pii/S0022199623001204},
  selected = {true},
  preview = {1-s2.0-S0022199623001204-main.png},
  type = {publication},
  bibtex_show={true},
  pdf = {publications/1-s2.0-S0022199623001204-main.pdf}
}

@article{GLRA2023,
  title = {On a Lender of Last Resort with a Central Bank and a Stability Fund},
  author = {Callegari, Giovanni and Marimon, Ramon and Wicht, Adrien and Zavalloni, Luca},
  journal = {Review of Economic Dynamics},
  note = {Review of Economic Dynamics},
  volume = {50},
  pages = {106--130},
  year = {2023},
  url = {https://www.sciencedirect.com/science/article/pii/S1094202523000443?via\%3Dihub},
  preview = {1-s2.0-S1094202523000443-main.png},
  type = {publication},
  bibtex_show={true},
  pdf = {publications/1-s2.0-S1094202523000443-main.pdf}
}

@article{gerigkDemographicsCurrentAccount2018,
  title = {Demographics and the Current Account},
  author = {Gerigk, Joschka and Rinawi, Miriam and Wicht, Adrien},
  journal = {Aussenwirtschaft},
  note = {Aussenwirtschaft},
  volume = {69},
  number = {1},
  pages = {45--76},
  year = {2018},
  url = {https://ux-tauri.unisg.ch/RePEc/usg/auswrt/AW_69-01__03_Gerigk-Rinawi-Wicht.pdf},
  preview = {gerigkDemographicsCurrentAccount2018.png},
  type = {publication},
  bibtex_show={true},
  pdf = {publications/gerigkDemographicsCurrentAccount2018.pdf}
}

@unpublished{wichtbuyback,
  title = {Efficient Sovereign Debt Buybacks},
  author = {Wicht, Adrien},
  year = {2025},
  note = {Job Market Paper},
  url = {https://raw.githubusercontent.com/adrien-wicht/profile/main/publications/Wicht_JMP.pdf},
  preview = {Wicht_JMP.png},
  type = {job market paper},
  bibtex_show={true},
  pdf = {publications/Wicht_JMP.pdf}
}

@unpublished{GEE2023,
  title = {The Generalized Euler Equation and the Bankruptcy-Sovereign Default Problem},
  author = {Mateos-Planas, Xavier and McCrary, Sean and Rios-Rull, Jose-Victor and Wicht, Adrien},
  year = {2023},
  url = {https://raw.githubusercontent.com/adrien-wicht/profile/main/publications/vfinGEEmain_20231020.pdf},
  preview = {vfinGEEmain_20231020.png},
  bibtex_show={true},
  type = {working paper},
  pdf = {publications/vfinGEEmain_20231020.pdf}
}

@unpublished{ALR2023,
  title = {Risk Sharing and Risk Reduction with Moral Hazard},
  author = {Marimon, Ramon and Wicht, Adrien and Zavalloni, Luca},
  year = {2023},
  url = {https://raw.githubusercontent.com/adrien-wicht/profile/main/publications/MH_Fund.pdf},
  preview = {MH_Fund.png},
  bibtex_show={true},
  type = {working paper},
  pdf = {publications/MH_Fund.pdf}
}

@unpublished{G24,
  title = {Fiscal and Environmental Policy under Limited Commitment},
  author = {Wicht, Adrien},
  year = {2024},
  url = {https://raw.githubusercontent.com/adrien-wicht/profile/main/publications/fiscal_environmental_policy.pdf},
  preview = {thumbnail.png},
  bibtex_show={true},
  type = {working paper}
}

@unpublished{AMW24,
  title = {Sovereign Debt Maturity and the Political Process},
  author = {Adlung, Darius and Muller, Andreas and Wicht, Adrien},
  year = {2024},
  url = {https://raw.githubusercontent.com/adrien-wicht/profile/main/publications/sovereign_debt_maturity_politics.pdf},
  preview = {thumbnail.png},
  bibtex_show={true},
  type = {working paper}
}

@techreport{marimonEuroAreaFiscal2021,
  title = {Euro Area Fiscal Policies and Capacity in Post-Pandemic Times},
  author = {Marimon, Ramon and Wicht, Adrien},
  institution = {European Parliament, Economic Governance Support Unit},
  number = {PE 651.392},
  year = {2021},
  url = {https://raw.githubusercontent.com/adrien-wicht/profile/main/publications/marimonEuroAreaFiscal2021.pdf},
  preview = {marimonEuroAreaFiscal2021.png},
  bibtex_show={true},
  type = {policy paper},
  pdf = {publications/marimonEuroAreaFiscal2021.pdf}
}
